@inproceedings{kontokostas2014nlp,
  title={NLP data cleansing based on linguistic ontology constraints},
  author={Kontokostas, Dimitris and Br{\"u}mmer, Martin and Hellmann, Sebastian and Lehmann, Jens and Ioannidis, Lazaros},
  booktitle={European Semantic Web Conference},
  pages={224--239},
  year={2014},
  organization={Springer}
}
@article{poveda2014oops,
  title={Oops!(ontology pitfall scanner!): An on-line tool for ontology evaluation},
  author={Poveda-Villal{\'o}n, Mar{\'\i}a and G{\'o}mez-P{\'e}rez, Asunci{\'o}n and Su{\'a}rez-Figueroa, Mari Carmen},
  journal={International Journal on Semantic Web and Information Systems (IJSWIS)},
  volume={10},
  number={2},
  pages={7--34},
  year={2014},
  publisher={IGI Global}
}
@inproceedings{peroni2013semantic,
  title={Semantic lenses as exploration method for scholarly articles},
  author={Peroni, Silvio and Tomasi, Francesca and Vitali, Fabio and Zingoni, Jacopo},
  booktitle={Italian Research Conference on Digital Libraries},
  pages={118--129},
  year={2013},
  organization={Springer}
}
@article{tartirontoqa,
  title={OntoQA: Metric-Based Ontology Quality Analysis},
  author={Tartir, Samir and Arpinar, I Budak and Moore, Michael and Sheth, Amit P and Aleman-Meza, Boanerges},
  journal={Knowledge Acquisition from Distributed, Autonomous, Semantically Heterogeneous Data and Knowledge Sources (KADASH)},
  publisher={Citeseer}
}
@inproceedings{boltuzic2017toward,
  title={Toward Stance Classification Based on Claim Microstructures},
  author={Boltu{\v{z}}i{\'c}, Filip and {\v{S}}najder, Jan},
  booktitle={Proceedings of the 8th Workshop on Computational Approaches to Subjectivity, Sentiment and Social Media Analysis},
  pages={74--80},
  year={2017}
}
@inproceedings{boltuzic2014back,
  title={Back up your Stance: Recognizing Arguments in Online Discussions.},
  author={Boltu{\v{z}}i{\'c}, Filip and {\v{S}}najder, Jan},
  booktitle={ArgMining@ ACL},
  pages={49--58},
  year={2014}
}
@inproceedings{boltuzic2015identifying,
  title={Identifying Prominent Arguments in Online Debates Using Semantic Textual Similarity.},
  author={Boltu{\v{z}}i{\'c}, Filip and {\v{S}}najder, Jan},
  booktitle={ArgMining@ HLT-NAACL},
  pages={110--115},
  year={2015}
}
@inproceedings{boltuzic2016fill,
  title={Fill the Gap! Analyzing Implicit Premises between Claims from Online Debates},
  author={Boltu{\v{z}}i{\'c}, Filip and {\v{S}}najder, Jan},
  booktitle={Proceedings of the 3rd Workshop on Argument Mining},
  pages={124--133},
  year={2016}
}
@book{govier2013practical,
  title={A practical study of argument},
  author={Govier, Trudy},
  year={2013},
  publisher={Cengage Learning}
}
@inproceedings{levy2014context,
  title={Context dependent claim detection},
  author={Levy, Ran and Bilu, Yonatan and Hershcovich, Daniel and Aharoni, Ehud and Slonim, Noam},
  booktitle={Proceedings of COLING 2014, the 25th International Conference on Computational Linguistics: Technical Papers},
  pages={1489--1500},
  year={2014}
}
@inproceedings{lippi2015context,
  title={Context-Independent Claim Detection for Argument Mining.},
  author={Lippi, Marco and Torroni, Paolo},
  booktitle={IJCAI},
  volume={15},
  pages={185--191},
  year={2015}
}
@inproceedings{lippi2016argument,
  title={Argument Mining from Speech: Detecting Claims in Political Debates.},
  author={Lippi, Marco and Torroni, Paolo},
  booktitle={AAAI},
  pages={2979--2985},
  year={2016}
}
@inproceedings{aharoni2014benchmark,
  title={A benchmark dataset for automatic detection of claims and evidence in the context of controversial topics},
  author={Aharoni, Ehud and Polnarov, Anatoly and Lavee, Tamar and Hershcovich, Daniel and Levy, Ran and Rinott, Ruty and Gutfreund, Dan and Slonim, Noam},
  booktitle={Proceedings of the First Workshop on Argumentation Mining},
  pages={64--68},
  year={2014}
}
@book{van2013fundamentals,
  title={Fundamentals of argumentation theory: A handbook of historical backgrounds and contemporary developments},
  author={Van Eemeren, Frans H and Grootendorst, Rob and Johnson, Ralph H and Plantin, Christian and Willard, Charles A},
  year={2013},
  publisher={Routledge}
}
@inproceedings{fogg2008mass,
  title={Mass interpersonal persuasion: An early view of a new phenomenon},
  author={Fogg, BJ},
  booktitle={International Conference on Persuasive Technology},
  pages={23--34},
  year={2008},
  organization={Springer}
}
@inproceedings{palau2009argumentation,
  title={Argumentation mining: the detection, classification and structure of arguments in text},
  author={Palau, Raquel Mochales and Moens, Marie-Francine},
  booktitle={Proceedings of the 12th international conference on artificial intelligence and law},
  pages={98--107},
  year={2009},
  organization={ACM}
}
@article{vanbenchmarking,
  title={Benchmarking semantic reasoning on mobile platforms: Towards optimization using OWL2 RL},
  author={Van Woensel, William and Abidi, Syed Sibte Raza},
  journal={Semantic Web},
  number={Preprint},
  pages={1--27},
  publisher={IOS Press},
  year={2017}

}
@inproceedings{hasan2014you,
  title={Why are you taking this stance? identifying and classifying reasons in ideological debates},
  author={Hasan, Kazi Saidul and Ng, Vincent},
  booktitle={Proceedings of the 2014 Conference on Empirical Methods in Natural Language Processing (EMNLP)},
  pages={751--762},
  year={2014}
}
@article{wyner2016working,
  title={Working on the argument pipeline: Through flow issues between natural language argument, instantiated arguments, and argumentation frameworks},
  author={Wyner, Adam and van Engers, Tom and Hunter, Anthony},
  journal={Argument \& Computation},
  volume={7},
  number={1},
  pages={69--89},
  year={2016},
  publisher={IOS Press}
}
@article{fuchs1996attempto,
  title={Attempto controlled english (ace)},
  author={Fuchs, Norbert E and Schwitter, Rolf},
  journal={arXiv preprint cmp-lg/9603003},
  year={1996}
}
@inproceedings{mikolov2013distributed,
  title={Distributed representations of words and phrases and their compositionality},
  author={Mikolov, Tomas and Sutskever, Ilya and Chen, Kai and Corrado, Greg S and Dean, Jeff},
  booktitle={Advances in neural information processing systems},
  pages={3111--3119},
  year={2013}
}
@article{daxenberger2017essence,
  title={What is the essence of a claim? cross-domain claim identification},
  author={Daxenberger, Johannes and Eger, Steffen and Habernal, Ivan and Stab, Christian and Gurevych, Iryna},
  journal={arXiv preprint arXiv:1704.07203},
  year={2017}
}
@inproceedings{rooney2012applying,
  title={Applying Kernel Methods to Argumentation Mining.},
  author={Rooney, Niall and Wang, Hui and Browne, Fiona},
  booktitle={FLAIRS Conference},
  year={2012}
}
@inproceedings{stab2014annotating,
  title={Annotating argument components and relations in persuasive essays},
  author={Stab, Christian and Gurevych, Iryna},
  booktitle={Proceedings of COLING 2014, the 25th International Conference on Computational Linguistics: Technical Papers},
  pages={1501--1510},
  year={2014}
}
@article{forman2003extensive,
  title={An extensive empirical study of feature selection metrics for text classification},
  author={Forman, George},
  journal={Journal of machine learning research},
  volume={3},
  number={Mar},
  pages={1289--1305},
  year={2003}
}
@inproceedings{al2016cross,
  title={Cross-domain mining of argumentative text through distant supervision},
  author={Al-Khatib, Khalid and Wachsmuth, Henning and Hagen, Matthias and K{\"o}hler, Jonas and Stein, Benno},
  booktitle={Proceedings of the 2016 Conference of the North American Chapter of the Association for Computational Linguistics: Human Language Technologies},
  pages={1395--1404},
  year={2016}
}
@inproceedings{walker2012stance,
  title={Stance classification using dialogic properties of persuasion},
  author={Walker, Marilyn A and Anand, Pranav and Abbott, Robert and Grant, Ricky},
  booktitle={Proceedings of the 2012 conference of the North American chapter of the association for computational linguistics: Human language technologies},
  pages={592--596},
  year={2012},
  organization={Association for Computational Linguistics}
}
@inproceedings{hasan2013stance,
  title={Stance classification of ideological debates: Data, models, features, and constraints},
  author={Hasan, Kazi Saidul and Ng, Vincent},
  booktitle={Proceedings of the Sixth International Joint Conference on Natural Language Processing},
  pages={1348--1356},
  year={2013}
}
@inproceedings{habernal2015exploiting,
  title={Exploiting debate portals for semi-supervised argumentation mining in user-generated web discourse},
  author={Habernal, Ivan and Gurevych, Iryna},
  booktitle={Proceedings of the 2015 Conference on Empirical Methods in Natural Language Processing},
  pages={2127--2137},
  year={2015}
}
@inproceedings{goudas2014argument,
  title={Argument extraction from news, blogs, and social media},
  author={Goudas, Theodosis and Louizos, Christos and Petasis, Georgios and Karkaletsis, Vangelis},
  booktitle={Hellenic Conference on Artificial Intelligence},
  pages={287--299},
  year={2014},
  organization={Springer}
}
@inproceedings{ong2014ontology,
  title={Ontology-based argument mining and automatic essay scoring},
  author={Ong, Nathan and Litman, Diane and Brusilovsky, Alexandra},
  booktitle={Proceedings of the First Workshop on Argumentation Mining},
  pages={24--28},
  year={2014}
}
@inproceedings{park2014identifying,
  title={Identifying appropriate support for propositions in online user comments},
  author={Park, Joonsuk and Cardie, Claire},
  booktitle={Proceedings of the First Workshop on Argumentation Mining},
  pages={29--38},
  year={2014}
}
@inproceedings{lawrence2015combining,
  title={Combining argument mining techniques},
  author={Lawrence, John and Reed, Chris},
  booktitle={Proceedings of the 2nd Workshop on Argumentation Mining},
  pages={127--136},
  year={2015}
}
@inproceedings{lawrence2016argument,
  title={Argument Mining Using Argumentation Scheme Structures.},
  author={Lawrence, John and Reed, Chris},
  booktitle={COMMA},
  pages={379--390},
  year={2016}
}
@book{toulmin2003uses,
  title={The uses of argument},
  author={Toulmin, Stephen E},
  year={2003},
  publisher={Cambridge university press}
}
@incollection{dagan2006pascal,
  title={The PASCAL recognising textual entailment challenge},
  author={Dagan, Ido and Glickman, Oren and Magnini, Bernardo},
  booktitle={Machine learning challenges. evaluating predictive uncertainty, visual object classification, and recognising tectual entailment},
  pages={177--190},
  year={2006},
  publisher={Springer}
}
@inproceedings{reisert2015computational,
  title={A computational approach for generating Toulmin model argumentation},
  author={Reisert, Paul and Inoue, Naoya and Okazaki, Naoaki and Inui, Kentaro},
  booktitle={Proceedings of the 2nd Workshop on Argumentation Mining},
  pages={45--55},
  year={2015}
}
@article{gennari2003evolution,
  title={The evolution of Prot{\'e}g{\'e}: an environment for knowledge-based systems development},
  author={Gennari, John H and Musen, Mark A and Fergerson, Ray W and Grosso, William E and Crub{\'e}zy, Monica and Eriksson, Henrik and Noy, Natalya F and Tu, Samson W},
  journal={International Journal of Human-computer studies},
  volume={58},
  number={1},
  pages={89--123},
  year={2003},
  publisher={Elsevier}
}
@article{haller2018modular,
  title={The Modular SSN Ontology: A Joint W3C and OGC Standard Specifying the Semantics of Sensors},
  author={Haller, A and Janowicz, K and Cox, SJ and Lefran{\c{c}}ois, M and Taylor, K and Le Phuoc, D and Lieberman, J and Garc{\'\i}a-Castro, R and Atkinson, R and Stadler, C},
  journal={Observations, Sampling, and Actuation},
  year={2018}
}
@article{abaalkhail2017survey,
  title={Survey on ontologies for affective states and their influences},
  author={Abaalkhail, Rana and Guthier, Benjamin and Alharthi, Rajwa and El Saddik, Abdulmotaleb},
  journal={Semantic web},
  number={Preprint},
  pages={1--18},
  year={2017},
  publisher={IOS Press}
}
@inproceedings{gjurkovic2018reddit,
  title={Reddit: A Gold Mine for Personality Prediction},
  author={Gjurkovi{\'c}, Matej and {\v{S}}najder, Jan},
  booktitle={Proceedings of the Second Workshop on Computational Modeling of People’s Opinions, Personality, and Emotions in Social Media},
  pages={87--97},
  year={2018}
}
@inproceedings{wang2004ontology,
  title={Ontology based context modeling and reasoning using OWL},
  author={Wang, Xiao Hang and Zhang, D Qing and Gu, Tao and Pung, Hung Keng},
  booktitle={Pervasive Computing and Communications Workshops, 2004. Proceedings of the Second IEEE Annual Conference on},
  pages={18--22},
  year={2004},
  organization={Ieee}
}
@article{chesnevar2006towards,
  title={Towards an argument interchange format},
  author={Chesnevar, Carlos and Modgil, Sanjay and Rahwan, Iyad and Reed, Chris and Simari, Guillermo and South, Matthew and Vreeswijk, Gerard and Willmott, Steven and others},
  journal={The knowledge engineering review},
  volume={21},
  number={4},
  pages={293--316},
  year={2006},
  publisher={Cambridge University Press}
}
@article{cartwright2009using,
  title={Using computational argumentation to support e-participation},
  author={Cartwright, Dan and Atkinson, Katie},
  journal={IEEE Intelligent Systems},
  volume={24},
  number={5},
  year={2009},
  publisher={IEEE}
}
@article{ceci2016owl,
  title={An OWL ontology library representing judicial interpretations},
  author={Ceci, Marcello and Gangemi, Aldo},
  journal={Semantic Web},
  volume={7},
  number={3},
  pages={229--253},
  year={2016},
  publisher={IOS Press}
}
@article{riguzzi2015probabilistic,
  title={Probabilistic description logics under the distribution semantics},
  author={Riguzzi, Fabrizio and Bellodi, Elena and Lamma, Evelina and Zese, Riccardo},
  journal={Semantic Web},
  volume={6},
  number={5},
  pages={477--501},
  year={2015},
  publisher={IOS Press}
}
@book{petty2018attitudes,
  title={Attitudes and persuasion: Classic and contemporary approaches},
  author={Petty, Richard E},
  year={2018},
  publisher={Routledge}
}
@inproceedings{cabrio2012combining,
  title={Combining textual entailment and argumentation theory for supporting online debates interactions},
  author={Cabrio, Elena and Villata, Serena},
  booktitle={Proceedings of the 50th Annual Meeting of the Association for Computational Linguistics: Short Papers-Volume 2},
  pages={208--212},
  year={2012},
  organization={Association for Computational Linguistics}
}
@inproceedings{habernal2018semeval,
  title={SemEval-2018 Task 12: The Argument Reasoning Comprehension Task},
  author={Habernal, Ivan and Wachsmuth, Henning and Gurevych, Iryna and Stein, Benno},
  booktitle={Proceedings of The 12th International Workshop on Semantic Evaluation},
  pages={763--772},
  year={2018}
}
@article{miller1995wordnet,
  title={WordNet: a lexical database for English},
  author={Miller, George A},
  journal={Communications of the ACM},
  volume={38},
  number={11},
  pages={39--41},
  year={1995},
  publisher={ACM}
}
@article{le2014automatic,
  title={Automatic question generation for supporting argumentation},
  author={Le, Nguyen-Thinh and Nguyen, Nhu-Phuong and Seta, Kazuhisa and Pinkwart, Niels},
  journal={Vietnam Journal of Computer Science},
  volume={1},
  number={2},
  pages={117--127},
  year={2014},
  publisher={Springer}
}
@article{sebastiani2002machine,
  title={Machine learning in automated text categorization},
  author={Sebastiani, Fabrizio},
  journal={ACM computing surveys (CSUR)},
  volume={34},
  number={1},
  pages={1--47},
  year={2002},
  publisher={ACM}
}
@book{jaffe2009stance,
  title={Stance: sociolinguistic perspectives},
  author={Jaffe, Alexandra},
  year={2009},
  publisher={OUP USA}
}
@book{rieke1997argumentation,
  title={Argumentation and critical decision making},
  author={Rieke, Richard D and Sillars, Malcolm Osgood and Peterson, Tarla Rai},
  year={1997},
  publisher={Longman New York}
}
@article{peldszus2013argument,
  title={From argument diagrams to argumentation mining in texts: A survey},
  author={Peldszus, Andreas and Stede, Manfred},
  journal={International Journal of Cognitive Informatics and Natural Intelligence (IJCINI)},
  volume={7},
  number={1},
  pages={1--31},
  year={2013},
  publisher={IGI Global}
}
@article{bondarenko1997abstract,
  title={An abstract, argumentation-theoretic approach to default reasoning},
  author={Bondarenko, Andrei and Dung, Phan Minh and Kowalski, Robert A and Toni, Francesca},
  journal={Artificial intelligence},
  volume={93},
  number={1-2},
  pages={63--101},
  year={1997},
  publisher={Elsevier}
}
@article{vsnajder2016social,
  title={Social Media Argumentation Mining: The Quest for Deliberateness in Raucousness},
  author={{\v{S}}najder, Jan},
  journal={arXiv preprint arXiv:1701.00168},
  year={2016}
}
@article{lippi2016argumentation,
  title={Argumentation mining: State of the art and emerging trends},
  author={Lippi, Marco and Torroni, Paolo},
  journal={ACM Transactions on Internet Technology (TOIT)},
  volume={16},
  number={2},
  pages={10},
  year={2016},
  publisher={ACM}
}
@inproceedings{anand2011cats,
  title={Cats rule and dogs drool!: Classifying stance in online debate},
  author={Anand, Pranav and Walker, Marilyn and Abbott, Rob and Tree, Jean E Fox and Bowmani, Robeson and Minor, Michael},
  booktitle={Proceedings of the 2nd workshop on computational approaches to subjectivity and sentiment analysis},
  pages={1--9},
  year={2011},
  organization={Association for Computational Linguistics}
}
@inproceedings{baker1998berkeley,
  title={The berkeley framenet project},
  author={Baker, Collin F and Fillmore, Charles J and Lowe, John B},
  booktitle={Proceedings of the 17th international conference on Computational linguistics-Volume 1},
  pages={86--90},
  year={1998},
  organization={Association for Computational Linguistics}
}
@article{gardner2018allennlp,
  title={Allennlp: A deep semantic natural language processing platform},
  author={Gardner, Matt and Grus, Joel and Neumann, Mark and Tafjord, Oyvind and Dasigi, Pradeep and Liu, Nelson and Peters, Matthew and Schmitz, Michael and Zettlemoyer, Luke},
  journal={arXiv preprint arXiv:1803.07640},
  year={2018}
}
@article{bowman2015large,
  title={A large annotated corpus for learning natural language inference},
  author={Bowman, Samuel R and Angeli, Gabor and Potts, Christopher and Manning, Christopher D},
  journal={arXiv preprint arXiv:1508.05326},
  year={2015}
}
@article{parikh2016decomposable,
  title={A decomposable attention model for natural language inference},
  author={Parikh, Ankur P and T{\"a}ckstr{\"o}m, Oscar and Das, Dipanjan and Uszkoreit, Jakob},
  journal={arXiv preprint arXiv:1606.01933},
  year={2016}
}
@inproceedings{moens2013argumentation,
  title={Argumentation mining: Where are we now, where do we want to be and how do we get there?},
  author={Moens, Marie-Francine},
  booktitle={FIRE},
  pages={2--1},
  year={2013}
}
@inproceedings{gangemi2005ontology,
  title={Ontology design patterns for semantic web content},
  author={Gangemi, Aldo},
  booktitle={International semantic web conference},
  pages={262--276},
  year={2005},
  organization={Springer}
}
@inproceedings{das2010probabilistic,
  title={Probabilistic frame-semantic parsing},
  author={Das, Dipanjan and Schneider, Nathan and Chen, Desai and Smith, Noah A},
  booktitle={Human language technologies: The 2010 annual conference of the North American chapter of the association for computational linguistics},
  pages={948--956},
  year={2010},
  organization={Association for Computational Linguistics}
}
@article{gildea2002automatic,
  title={Automatic labeling of semantic roles},
  author={Gildea, Daniel and Jurafsky, Daniel},
  journal={Computational linguistics},
  volume={28},
  number={3},
  pages={245--288},
  year={2002},
  publisher={MIT Press}
}
@inproceedings{fillmore2001frame,
  title={Frame semantics for text understanding},
  author={Fillmore, Charles J and Baker, Collin F},
  booktitle={Proceedings of WordNet and Other Lexical Resources Workshop, NAACL},
  year={2001}
}
@inproceedings{niles2001towards,
  title={Towards a standard upper ontology},
  author={Niles, Ian and Pease, Adam},
  booktitle={Proceedings of the international conference on Formal Ontology in Information Systems-Volume 2001},
  pages={2--9},
  year={2001},
  organization={ACM}
}
@article{morales2015ontology,
  title={An ontology of online user feedback in software engineering},
  author={Morales-Ramirez, Itzel and Perini, Anna and Guizzardi, Renata SS},
  journal={Applied Ontology},
  volume={10},
  number={3-4},
  pages={297--330},
  year={2015},
  publisher={IOS Press}
}
@inproceedings{hashimoto2012excitatory,
  title={Excitatory or inhibitory: A new semantic orientation extracts contradiction and causality from the web},
  author={Hashimoto, Chikara and Torisawa, Kentaro and De Saeger, Stijn and Oh, Jong-Hoon and Kazama, Jun'ichi},
  booktitle={Proceedings of the 2012 Joint Conference on Empirical Methods in Natural Language Processing and Computational Natural Language Learning},
  pages={619--630},
  year={2012},
  organization={Association for Computational Linguistics}
}
@inproceedings{hasan2013extra,
  title={Extra-linguistic constraints on stance recognition in ideological debates},
  author={Hasan, Kazi Saidul and Ng, Vincent},
  booktitle={Proceedings of the 51st Annual Meeting of the Association for Computational Linguistics (Volume 2: Short Papers)},
  volume={2},
  pages={816--821},
  year={2013}
}

@inproceedings{marcus1994penn,
  title={The Penn Treebank: annotating predicate argument structure},
  author={Marcus, Mitchell and Kim, Grace and Marcinkiewicz, Mary Ann and MacIntyre, Robert and Bies, Ann and Ferguson, Mark and Katz, Karen and Schasberger, Britta},
  booktitle={Proceedings of the workshop on Human Language Technology},
  pages={114--119},
  year={1994},
  organization={Association for Computational Linguistics}
}

@inproceedings{herlocker1999algorithmic,
  title={An algorithmic framework for performing collaborative filtering},
  author={Herlocker, Jonathan L and Konstan, Joseph A and Borchers, Al and Riedl, John},
  booktitle={22nd Annual International ACM SIGIR Conference on Research and Development in Information Retrieval, SIGIR 1999},
  pages={230--237},
  year={1999},
  organization={Association for Computing Machinery, Inc}
}

@article{rahwan2007laying,
  title={Laying the foundations for a world wide argument web},
  author={Rahwan, Iyad and Zablith, Fouad and Reed, Chris},
  journal={Artificial intelligence},
  volume={171},
  number={10-15},
  pages={897--921},
  year={2007},
  publisher={Elsevier}
}
